@book{FundamentRabiner,
  title = {Fundamentals of speech recognition},
  author = {Lawrence R. Rabiner},
  isbn = {},
  year = {1993},
  publisher = {PTR Prentice Hall}
}

@book{DigSpeechNejat,
  title = {Digital speech processing: speech coding, synthesis, and recognition},
  author = {A. Nejat Ince},
  isbn = {0-7923-9220-5},
  year = {1992},
  publisher = {Kluwer Academic Publishers}
}




@misc{HistJogosHenrique,
  title = {A história dos jogos de computadores},
  author = {Henrique Moraes Ramos},
  year = {2007},
  url = {http://www-usr.inf.ufsm.br/~hramos/elc1020/historia_jogos.pdf},
  urlaccessdate = {13/03/2012},
  type = {Disciplina: Computadores e sociedade}
}

@misc{RavCadeiraAedb,
  title = {Reconhecimento de voz para aplicação em cadeira de rodas},
  author = {Arlei Barcelos},
  year = {2007},
  url = {http://www.aedb.br/seget/artigos08/445_Reconhecimento de Voz aplicado na cadeira de rodas.pdf},
  urlaccessdate = {14/03/2012},
  type = {},
  annote = {Fabrício de Carvalho Souza, Jair Moraes dos Santos, Vitor Tomaz de Aquino}
}

@misc{ImplementServVirtuaisDamasceno,
  title = {Implementação de Serviços de Voz em Ambientes Virtuais},
  author = {Eduardo Filgueiras Damasceno},
  year = {2005},
  month = {February},
  url = {http://www.dcc.ufla.br/infocomp/artigos/v4.3/art09.pdf},
  urlaccessdate = {14/03/2012}
}









@monography{RavPtBrCarlos,
  title = {Um Software de Reconhecimento de Voz para Português Brasileiro},
  author = {Carlos Patrick Alves da Silva},
  type = {Pós-Graduação},
  year = 2010,
  address = {Belém}
}

@monography{RavCorporaCarlos,
  title = {Sistemas de Reconhecimento de Voz para o Português brasileiro utilizando os Corpora Spoltech e OGI-22},
  author = {Carlos Patrick Alves da Silva},
  type = {Graduação},
  year = 2008,
  address = {Belém}
}

@monography{RavIsolAnderson,
  title = {Reconhecimento de voz para palavras isoladas},
  author = {Anderson Gomes da Silva},
  type = {Graduação},
  year = 2009,
  address = {Recife}
}

@monography{AvaliaTecJose,
  title = {Avaliação de diferentes técnicas para reconhecimento de fala},
  author = {José Antônio Martins},
  type = {Doutorado},
  year = {1997},
  address = {Campinas}
}

@monography{AcionamentRoboLegoFabio,
  title = {Acionamento de um robô lego mindstorms por comandos vocais utilizando redes neurais artificiais},
  author = {Fabio Fonseca Rodrigues},
  type = {Graduação},
  year = {2009},
  address = {Ouro Preto}
}

@monography{RavDigitalSadaoki,
  title = {Digital Speech Processing, Synthesis, and Recognition. Marcel Dekker},
  author = {Sadaoki Furui},
  type = {},
  year = 1989,
  address = {}
}

@monography{MetodosProAnderson,
  title = {Métodos probabilísticos para reconhecimento de voz},
  author = {Anderson Mayrink da Cunha},
  type = {Graduação},
  year = 2003,
  address = {Rio de Janeiro}
}

@monography{RavSpeechSadaoki,
  title = {Speech Recognition - Past, Present and Future. NTT Review},
  author = {Sadaoki Furui},
  type = {},
  year = 1995,
  address = {}
}

@monography{RavIsolMartins,
  title = {Reconhecimento de voz para palavras isoladas},
  author = {Jose Antonio Martins},
  type = {Doutorado},
  year = 1997,
  address = {Campinas}
}

@monography{SistAcionaPedro,
  title = {Sistema de acionamento de dispositivos por comandos de voz},
  author = {Pedro Henrique de Oliveira Ramiro},
  type = {Graduação},
  year = 2010,
  address = {Brasília},
  school = {Unb}
}








@WWW{XBoxTechT,
author = {Diego Borges},
title = {XBox 360 review},
year = {2010},
publisher = {TechTudo},
url = {http://www.techtudo.com.br/review/xbox-360/um-dos-melhores-consoles-da-atual-geracao.html},
urlaccessdate = {13/03/2012}
}

@WWW{KinectTechT,
author = {Diego Borges},
title = {Kinect review},
year = {2011},
publisher = {TechTudo},
url = {http://www.techtudo.com.br/review/kinect/o-acessorio-revolucionario-da-microsoft.html},
urlaccessdate = {13/03/2012}
}
